@article{ieee,
  abstract = {The content and qualities of a good software requirements specification (SRS) are described, and several sample SRS outlines are presented. This recommended practice is aimed at specifying the requirements of software to be developed, but can also be applied to assist in the selection of in-house and commercial software products. Guidelines for compliance with IEEE/EIA Std 12207.1-1997 are also provided},
  added-at = {2013-10-18T15:41:02.000+0200},
  biburl = {https://www.bibsonomy.org/bibtex/2847e535ea47206773fded1b49a58ce99/hlackner},
  interhash = {5ab05a13e3177cf394bf0a045f103efa},
  intrahash = {847e535ea47206773fded1b49a58ce99},
  journal = {IEEE Std 830-1998},
  keywords = {documentation dt engineering requirement software},
  timestamp = {2013-10-18T15:41:02.000+0200},
  title = {IEEE Recommended Practice for Software Requirements Specifications},
  year = 1998
}
